<?xml version="1.0" encoding="UTF-8" ?><marc:collection xmlns:marc="http://www.loc.gov/MARC21/slim" xmlns:xsi="http://www.w3.org/2001/XMLSchema-instance" xsi:schemaLocation="http://www.loc.gov/MARC21/slim http://www.loc.gov/standards/marcxml/schema/MARC21slim.xsd">
<marc:record><marc:leader>02017cam a2200373Ia 4500</marc:leader>
<marc:controlfield tag="001">b12131301</marc:controlfield>
<marc:controlfield tag="003">UaCaAUL</marc:controlfield><marc:controlfield tag="005">20150930034907.0</marc:controlfield><marc:controlfield tag="008">150930s1899    ua            000 0 arard</marc:controlfield><marc:datafield tag="035" ind1=" " ind2=" "><marc:subfield code="a">(OCoLC)707095816</marc:subfield></marc:datafield><marc:datafield tag="040" ind1=" " ind2=" "><marc:subfield code="a">UUM</marc:subfield><marc:subfield code="c">UUM</marc:subfield><marc:subfield code="d">UUM</marc:subfield><marc:subfield code="d">OCLCF</marc:subfield><marc:subfield code="d">OCLCO</marc:subfield><marc:subfield code="d">MEAUC</marc:subfield></marc:datafield><marc:datafield tag="049" ind1=" " ind2=" "><marc:subfield code="a">MAIN</marc:subfield></marc:datafield><marc:datafield tag="050" ind1=" " ind2="4"><marc:subfield code="a">PJ7755.I18</marc:subfield><marc:subfield code="b">A61 1898</marc:subfield></marc:datafield><marc:datafield tag="066" ind1=" " ind2=" "><marc:subfield code="c">(3</marc:subfield></marc:datafield><marc:datafield tag="090" ind1=" " ind2=" "><marc:subfield code="a">PJ7755.I18</marc:subfield><marc:subfield code="b">A61 1899</marc:subfield></marc:datafield><marc:datafield tag="100" ind1="1" ind2=" "><marc:subfield code="6">880-01</marc:subfield><marc:subfield code="a">Farghalī, Muḥammad.</marc:subfield></marc:datafield><marc:datafield tag="240" ind1="1" ind2="0"><marc:subfield code="6">880-02</marc:subfield><marc:subfield code="a">ʻIqd al-nafīs bi-tashṭīr wa-takhmīs dīwān ... ʻUmar ibn al-Fāriḍ.</marc:subfield></marc:datafield><marc:datafield tag="245" ind1="1" ind2="0"><marc:subfield code="6">880-03</marc:subfield><marc:subfield code="a">Kitāb al-ʻIqd al-nafīs bi-tashṭīr wa-takhmīs dīwān sulṭān al-ʻāshiqīn al-ʻĀrif biallāh sayyidī ʻUmar ibn al-Fāriḍ al-shahīr /</marc:subfield><marc:subfield code="c">li-nāzịmihi Muḥammad Farghalī al-Anṣārī al-Ṭahṭāwī.</marc:subfield></marc:datafield><marc:datafield tag="250" ind1=" " ind2=" "><marc:subfield code="6">880-04</marc:subfield><marc:subfield code="a">al-Ṭabʻah  1.</marc:subfield></marc:datafield><marc:datafield tag="260" ind1=" " ind2=" "><marc:subfield code="6">880-05</marc:subfield><marc:subfield code="a">al-Fajālah, Miṣr :</marc:subfield><marc:subfield code="b">Maṭbaʻat al-Tawfīq,</marc:subfield><marc:subfield code="c">1316 [1899]</marc:subfield></marc:datafield><marc:datafield tag="300" ind1=" " ind2=" "><marc:subfield code="a">226 p. ;</marc:subfield><marc:subfield code="c">24 cm.</marc:subfield></marc:datafield><marc:datafield tag="600" ind1="1" ind2="0"><marc:subfield code="6">880-06</marc:subfield><marc:subfield code="a">Ibn al-Fāriḍ, ʻUmar ibn ʻAlī,</marc:subfield><marc:subfield code="d">1181 or 1182-1235.</marc:subfield><marc:subfield code="t">Dīwān.</marc:subfield></marc:datafield><marc:datafield tag="700" ind1="1" ind2=" "><marc:subfield code="a">Ibn al-Fāriḍ, ʻUmar ibn ʻAlī,</marc:subfield><marc:subfield code="d">1181 or 1182-1235.</marc:subfield><marc:subfield code="t">Dīwān.</marc:subfield></marc:datafield><marc:datafield tag="880" ind1="1" ind2="0"><marc:subfield code="6">240-02/(3/r</marc:subfield><marc:subfield code="a">عقد النفيس بتشطير وتخميس ديوان ... عمر بن الفارض..</marc:subfield></marc:datafield><marc:datafield tag="880" ind1="1" ind2=" "><marc:subfield code="6">100-01/(3/r</marc:subfield><marc:subfield code="a">فرغلي، محمد..</marc:subfield></marc:datafield><marc:datafield tag="880" ind1="1" ind2="0"><marc:subfield code="6">245-03/(3/r</marc:subfield><marc:subfield code="a">كتاب العقد النفيس بتشطير وتخميس ديوان سلطان العاشقين العارف بالله سيدي عمر بن الفارض الشهير /‪</marc:subfield><marc:subfield code="c">لناظمه محمد فرغلي الأنصاري الطهطاوي..</marc:subfield></marc:datafield><marc:datafield tag="880" ind1=" " ind2=" "><marc:subfield code="6">250-04/(3/r</marc:subfield><marc:subfield code="a">الطبعة 1.</marc:subfield></marc:datafield><marc:datafield tag="880" ind1=" " ind2=" "><marc:subfield code="6">260-05/(3/r</marc:subfield><marc:subfield code="a">الفجالة، مصر :‪</marc:subfield><marc:subfield code="b">مطبعة التوفيق،‪</marc:subfield><marc:subfield code="c">1316 [1899]</marc:subfield></marc:datafield><marc:datafield tag="880" ind1="1" ind2="0"><marc:subfield code="6">600-06/(3/r</marc:subfield><marc:subfield code="a">ابن الفارض، عمر بن علي.‪</marc:subfield><marc:subfield code="t">ديوان..</marc:subfield></marc:datafield><marc:datafield tag="880" ind1="1" ind2=" "><marc:subfield code="6">700-00/(3/r</marc:subfield><marc:subfield code="a">ابن الفارض، عمر بن علي.‪</marc:subfield><marc:subfield code="t">ديوان..</marc:subfield></marc:datafield><marc:datafield tag="907" ind1=" " ind2=" "><marc:subfield code="a">.b12131301</marc:subfield><marc:subfield code="b">spcl </marc:subfield></marc:datafield><marc:datafield tag="902" ind1=" " ind2=" "><marc:subfield code="a">191013</marc:subfield></marc:datafield><marc:datafield tag="998" ind1=" " ind2=" "><marc:subfield code="b">1</marc:subfield><marc:subfield code="c">010520</marc:subfield><marc:subfield code="d">m</marc:subfield><marc:subfield code="e">~</marc:subfield><marc:subfield code="f">i</marc:subfield><marc:subfield code="g">0</marc:subfield><marc:subfield code="k">AH</marc:subfield><marc:subfield code="k">HE</marc:subfield></marc:datafield><marc:datafield tag="945" ind1=" " ind2=" "><marc:subfield code="l">scomp</marc:subfield></marc:datafield></marc:record>
</marc:collection>
